@article{nemitallah2013experimental,
  title={Experimental and numerical investigations of an atmospheric diffusion oxy-combustion flame in a gas turbine model combustor},
  author={Nemitallah, Medhat A and Habib, Mohamed A},
  journal={Applied energy},
  volume={111},
  pages={401--415},
  year={2013},
  publisher={Elsevier}
}
@article{change2007synthesis,
  title={Synthesis report},
  author={Change, IPCC Climate and others},
  journal={Intergovernmental panel on climate change},
  pages={45--54},
  year={2007},
  publisher={Cambridge. Cam-bridge University Press}
}
@article{kanniche2010pre,
  title={Pre-combustion, post-combustion and oxy-combustion in thermal power plant for CO2 capture},
  author={Kanniche, Mohamed and Gros-Bonnivard, Ren{\'e} and Jaud, Philippe and Valle-Marcos, Jose and Amann, Jean-Marc and Bouallou, Chakib},
  journal={Applied Thermal Engineering},
  volume={30},
  number={1},
  pages={53--62},
  year={2010},
  publisher={Elsevier}
}
@article{article,
author = {Kalghatgi, Gautam},
year = {1984},
month = {09},
pages = {17-29},
title = {Lift-off Heights and Visible Lengths of Vertical Turbulent Jet Diffusion Flames in Still Air},
volume = {41},
journal = {COMBUSTION SCIENCE AND TECHNOLOGY},
doi = {10.1080/00102208408923819}
}
@article{normann2008high,
  title={High-temperature reduction of nitrogen oxides in oxy-fuel combustion},
  author={Normann, Fredrik and Andersson, Klas and Leckner, Bo and Johnsson, Filip},
  journal={Fuel},
  volume={87},
  number={17-18},
  pages={3579--3585},
  year={2008},
  publisher={Elsevier}
}
@article{liu2012characteristics,
  title={Characteristics of oxy-fuel combustion in gas turbines},
  author={Liu, CY and Chen, G and Sip{\"o}cz, N and Assadi, Mohsen and Bai, Xue-Song},
  journal={Applied Energy},
  volume={89},
  number={1},
  pages={387--394},
  year={2012},
  publisher={Elsevier}
}
@article{gopan2014process,
  title={Process design and performance analysis of a Staged, Pressurized Oxy-Combustion (SPOC) power plant for carbon capture},
  author={Gopan, Akshay and Kumfer, Benjamin M and Phillips, Jeffrey and Thimsen, David and Smith, Richard and Axelbaum, Richard L},
  journal={Applied Energy},
  volume={125},
  pages={179--188},
  year={2014},
  publisher={Elsevier}
}
@article{johnson2005comparison,
  title={A comparison of the flowfields and emissions of high-swirl injectors and low-swirl injectors for lean premixed gas turbines},
  author={Johnson, MR and Littlejohn, D and Nazeer, WA and Smith, KO and Cheng, RK},
  journal={Proceedings of the Combustion Institute},
  volume={30},
  number={2},
  pages={2867--2874},
  year={2005},
  publisher={Elsevier}
}
@article{merlo2014combustion,
  title={Combustion characteristics of methane--oxygen enhanced air turbulent non-premixed swirling flames},
  author={Merlo, Nazim and Boushaki, Toufik and Chauveau, Christian and De Persis, St{\'e}phanie and Pillier, Laure and Sarh, Brahim and G{\"o}kalp, Iskender},
  journal={Experimental thermal and fluid science},
  volume={56},
  pages={53--60},
  year={2014},
  publisher={Elsevier}
}
@inproceedings{syred1971flame,
  title={Flame stabilization in recirculation zones of jets with swirl},
  author={Syred, N and Chigier, NA and Beer, JM},
  booktitle={Symposium (International) on Combustion},
  volume={13},
  number={1},
  pages={617--624},
  year={1971},
  organization={Elsevier}
}
@article{hong2009analysis,
  title={Analysis of oxy-fuel combustion power cycle utilizing a pressurized coal combustor},
  author={Hong, Jongsup and Chaudhry, Gunaranjan and Brisson, JG and Field, Randall and Gazzino, Marco and Ghoniem, Ahmed F},
  journal={Energy},
  volume={34},
  number={9},
  pages={1332--1340},
  year={2009},
  publisher={Elsevier}
}

@article{nemitallah2013experimental,
  title={Experimental and numerical investigations of an atmospheric diffusion oxy-combustion flame in a gas turbine model combustor},
  author={Nemitallah, Medhat A and Habib, Mohamed A},
  journal={Applied energy},
  volume={111},
  pages={401--415},
  year={2013},
  publisher={Elsevier}
}

@article{nicoud2011using,
  title={Using singular values to build a subgrid-scale model for large eddy simulations},
  author={Nicoud, Franck and Toda, Hubert Baya and Cabrit, Olivier and Bose, Sanjeeb and Lee, Jungil},
  journal={Physics of Fluids},
  volume={23},
  number={8},
  pages={085106},
  year={2011},
  publisher={AIP}
}

@article{colin2000development,
  title={Development of high-order Taylor--Galerkin schemes for LES},
  author={Colin, Olivier and Rudgyard, Michael},
  journal={Journal of Computational Physics},
  volume={162},
  number={2},
  pages={338--371},
  year={2000},
  publisher={Elsevier}
}

@article{poinsot1992boundary,
  title={Boundary conditions for direct simulations of compressible viscous flows},
  author={Poinsot, T J\&amp and Lelef, SK},
  journal={Journal of computational physics},
  volume={101},
  number={1},
  pages={104--129},
  year={1992},
  publisher={Elsevier}
}

@article{pierce2004progress,
  title={Progress-variable approach for large-eddy simulation of non-premixed turbulent combustion},
  author={Pierce, Charles D and Moin, Parviz},
  journal={Journal of fluid Mechanics},
  volume={504},
  pages={73--97},
  year={2004},
  publisher={Cambridge University Press}
}

@article{ihme2008prediction,
  title={Prediction of extinction and reignition in nonpremixed turbulent flames using a flamelet/progress variable model: 2. Application in LES of Sandia flames D and E},
  author={Ihme, Matthias and Pitsch, Heinz},
  journal={Combustion and flame},
  volume={155},
  number={1-2},
  pages={90--107},
  year={2008},
  publisher={Elsevier}
}

@proceedings{10.1115/GT2018-76152,
    author = {Degeneve, A. and Jourdaine, P. and Mirat, C. and Caudal, J. and Vicquelin, R. and Schuller, T.},
    title = "{Effects of a Diverging Cup on Swirl Number, Flow Pattern and Topology of Premixed Flames}",
    volume = {Volume 4B: Combustion, Fuels, and Emissions},
    series = {Turbo Expo: Power for Land, Sea, and Air},
    year = {2018},
    month = {06},
    abstract = "{Impact of the diverging cup angle of a swirling injector on the flow pattern and stabilization of technically premixed flames is investigated both theoretically and experimentally with the help of laser diagnostics. Recirculation enhancement with a lower position of the internal recirculation zone and a flame leading edge protruding further upstream in the swirled flow are observed as the injector nozzle cup angle is increased. A theoretical analysis is carried out to examine if this could be explained by changes of the swirl level as the diffuser cup angle is varied. It is shown that pressure effects need in this case to be taken into account in the swirl number definition and expressions for its variation through a diffuser are derived. They indicate that changes of the swirl level including or not the pressure contribution to the axial momentum flux cannot explain the changes observed of the flow and flame patterns in the experiments. The swirl number without the pressure term, designated as pressure-less swirl, is then determined experimentally for a set of diffusers with increasing quarl angles under non-reacting conditions and the values found corroborate the predictions. It is finally shown that the decline of axial velocity and the rise of adverse axial pressure gradient, both due to the cross section area change through the diffuser cup, are the dominant effects that control the leading edge position of the internal recirculation zone of the swirled flow. This in turn is used to develop a model for the change of this position as the quarl angle varies that shows good agreement with experiments.}",
    doi = {10.1115/GT2018-76152},
    url = {https://doi.org/10.1115/GT2018-76152},
    note = {V04BT04A005},
    eprint = {https://asmedigitalcollection.asme.org/GT/proceedings-pdf/GT2018/51067/V04BT04A005/3768146/v04bt04a005-gt2018-76152.pdf},
}

@article{degeneve2019scaling,
  title={Scaling relations for the length of coaxial oxy-flames with and without swirl},
  author={Degen{\`e}ve, Arthur and Vicquelin, Ronan and Mirat, CleÃÅment and Labegorre, Bernard and Jourdaine, Paul and Caudal, Jean and Schuller, Thierry},
  journal={Proceedings of the Combustion Institute},
  volume={37},
  number={4},
  pages={4563--4570},
  year={2019},
  publisher={Elsevier}
}

@article{daviller2017mesh,
  title={A mesh adaptation strategy to predict pressure losses in les of swirled flows},
  author={Daviller, Guillaume and Brebion, Maxence and Xavier, Pradip and Staffelbach, Gabriel and M{\"u}ller, Jens-Dominik and Poinsot, Thierry},
  journal={Flow, Turbulence and Combustion},
  volume={99},
  number={1},
  pages={93--118},
  year={2017},
  publisher={Springer}
}

@article{sanz2008qualitative,
  title={Qualitative and quantitative comparison of two promising oxy-fuel power cycles for CO2 capture},
  author={Sanz, Wolfgang and Jericha, Herbert and Bauer, Bernhard and G{\~A}{\c{k}}ttlich, Emil},
  journal={Journal of Engineering for Gas Turbines and Power},
  volume={130},
  number={3},
  pages={031702},
  year={2008},
  publisher={American Society of Mechanical Engineers}
}

@article{bai2000laminar,
  title={Laminar flamelet structure at low and vanishing scalar dissipation rate},
  author={Bai, Xue-Song and Fuchs, Laszlo and Mauss, Fabian},
  journal={Combustion and flame},
  volume={120},
  number={3},
  pages={285--300},
  year={2000},
  publisher={Elsevier}
}

@article{bai1999rate,
  title={Rate-ratio asymptotic analysis of non-premixed methane flames},
  author={Bai, Xue-Song and Seshadri, K},
  journal={Combustion Theory and Modelling},
  volume={3},
  number={1},
  pages={51--75},
  year={1999},
  publisher={Taylor \& Francis}
}

@article{richter2015large,
  title={A large-scale benchmark for the CFD modeling of non-catalytic reforming of natural gas based on the Freiberg test plant HP POX},
  author={Richter, Andreas and Seifert, Peter and Compart, Fred and Tischer, Paul and Meyer, Bernd},
  journal={Fuel},
  volume={152},
  pages={110--121},
  year={2015},
  publisher={Elsevier}
}

@article{cordiersimulation,
  title={Simulation aux grandes {\'e}chelles de la flamme ‚ÄúJet-in-Hot-Coflow‚Äù},
  author={CORDIER, Marie and BENARD, Pierre and LYBAERT, Paul and BRICTEUX, Laurent}
}

@article{tacina2000effects,
  title={Effects of heat release on turbulent shear flows. Part 1. A general equivalence principle for non-buoyant flows and its application to turbulent jet flames},
  author={Tacina, Kathleen M and Dahm, Werner JA},
  journal={Journal of Fluid Mechanics},
  volume={415},
  pages={23--44},
  year={2000},
  publisher={Cambridge University Press}
}

@article{dahm2005effects,
  title={Effects of heat release on turbulent shear flows. Part 2. Turbulent mixing layers and the equivalence principle},
  author={Dahm, Werner JA},
  journal={Journal of Fluid Mechanics},
  volume={540},
  pages={1--19},
  year={2005},
  publisher={Cambridge University Press}
}

@article{yuen2008definition,
  title={Definition and Evaluation of Mean Beam Lengths for Applications in Multidimensional Radiative Heat Transfer: A Mathematically Self-Consistent Approach},
  author={Yuen, Walter W},
  journal={Journal of Heat Transfer},
  volume={130},
  number={11},
  pages={114507},
  year={2008},
  publisher={American Society of Mechanical Engineers}
}

@article{doi:10.1080/00102207408960365,
author = { DAVID A.   MANDELL },
title = {Exact and Mean Beam Length Calculations For Radiative Heat Transfer in Gases},
journal = {Combustion Science and Technology},
volume = {9},
number = {5-6},
pages = {273-276},
year  = {1974},
publisher = {Taylor & Francis},
doi = {10.1080/00102207408960365},

URL = { 
        https://doi.org/10.1080/00102207408960365
    
},
eprint = { 
        https://doi.org/10.1080/00102207408960365}
}

@article{edwards1973thermal,
  title={Thermal radiation by combustion gases},
  author={Edwards, DK and Balakrishnan, A},
  journal={International Journal of Heat and Mass Transfer},
  volume={16},
  number={1},
  pages={25--40},
  year={1973},
  publisher={Elsevier}
}

@article{riviere2012updated,
  title={Updated band model parameters for H2O, CO2, CH4 and CO radiation at high temperature},
  author={Rivi{\`e}re, Philippe and Soufiani, Anouar},
  journal={International Journal of Heat and Mass Transfer},
  volume={55},
  number={13-14},
  pages={3349--3358},
  year={2012},
  publisher={Elsevier}
}

@article{xuan2003investigation,
  title={Investigation on convective heat transfer and flow features of nanofluids},
  author={Xuan, Yimin and Li, Qiang},
  journal={Journal of Heat transfer},
  volume={125},
  number={1},
  pages={151--155},
  year={2003},
  publisher={American Society of Mechanical Engineers Digital Collection}
}

@article{villermaux2000mixing,
  title={Mixing in coaxial jets},
  author={Villermaux, Emmanuel and Rehab, Hichem},
  journal={Journal of Fluid Mechanics},
  volume={425},
  pages={161--185},
  year={2000},
  publisher={Cambridge University Press}
}

@article{jourdaine2017comparison,
  title={A comparison between the stabilization of premixed swirling CO2-diluted methane oxy-flames and methane/air flames},
  author={Jourdaine, Paul and Mirat, Cl{\'e}ment and Caudal, Jean and Lo, Amath and Schuller, Thierry},
  journal={Fuel},
  volume={201},
  pages={156--164},
  year={2017},
  publisher={Elsevier}
}

@article{peters1991scaling,
  title={Scaling of buoyant turbulent jet diffusion flames},
  author={Peters, N and G{\"o}ttgens, J},
  journal={Combustion and Flame},
  volume={85},
  number={1-2},
  pages={206--214},
  year={1991},
  publisher={Elsevier}
}

@article{alexander2012mixing,
  title={Mixing properties of coaxial jets with large velocity ratios and large inverse density ratios},
  author={Alexander Schumaker, S and Driscoll, James F},
  journal={Physics of Fluids},
  volume={24},
  number={5},
  pages={055101},
  year={2012},
  publisher={AIP}
}

@article{forster20173d,
  title={3D numerical study of the performance of different burner concepts for the high-pressure non-catalytic natural gas reforming based on the Freiberg semi-industrial test facility HP POX},
  author={F{\"o}rster, Thomas and Voloshchuk, Yury and Richter, Andreas and Meyer, Bernd},
  journal={Fuel},
  volume={203},
  pages={954--963},
  year={2017},
  publisher={Elsevier}
}

@article{auchet2008first,
  title={First-principles simplified modelling of glass furnaces combustion chambers},
  author={Auchet, Olivier and Riedinger, Pierre and Malasse, Olaf and Iung, Claude},
  journal={Control Engineering Practice},
  volume={16},
  number={12},
  pages={1443--1456},
  year={2008},
  publisher={Elsevier}
}

@article{sautet2001length,
  title={Length of natural gas-oxygen non-premixed flames},
  author={Sautet, JC and Salentey, L and Ditaranto, M and Samaniego, JM},
  journal={Combustion science and technology},
  volume={166},
  number={1},
  pages={131--150},
  year={2001},
  publisher={Taylor \& Francis}
}

@article{degeneve2019effects,
  title={Effects of Swirl on the Stabilization of Non-Premixed Oxygen-Enriched Flames Above Coaxial Injectors},
  author={Degeneve, A and Mirat, C and Caudal, J and Vicquelin, R and Schuller, T},
  journal={Journal of Engineering for Gas Turbines and Power},
  volume={141},
  number={12},
  year={2019},
  publisher={American Society of Mechanical Engineers Digital Collection}
}

@article{chen1990comparison,
  title={A comparison of bluff-body and swirl-stabilized flames},
  author={Chen, Ruey-Hung and Driscoll, James F and Kelly, J and Namazian, M and Schefer, RW},
  journal={Combustion Science and Technology},
  volume={71},
  number={4-6},
  pages={197--217},
  year={1990},
  publisher={Taylor \& Francis}
}

@article{schumaker2009coaxial,
  title={Coaxial turbulent jet flames: Scaling relations for measured stoichiometric mixing lengths},
  author={Schumaker, S Alexander and Driscoll, James F},
  journal={Proceedings of the Combustion Institute},
  volume={32},
  number={2},
  pages={1655--1662},
  year={2009},
  publisher={Elsevier}
}

@article{seepana2009flame,
  title={Flame structure and NO generation in oxy-fuel combustion at high pressures},
  author={Seepana, Sivaji and Jayanti, Sreenivas},
  journal={Energy Conversion and Management},
  volume={50},
  number={4},
  pages={1116--1123},
  year={2009},
  publisher={Elsevier}
}
@article{kim2006emission,
  title={Emission Characteristics of the 0.03 MW Oxy- Fuel Combustor},
  author={Kim, Ho Keun and Kim, Yongmo and Lee, Sang Min and Ahn, Kook Young},
  journal={Energy \& fuels},
  volume={20},
  number={5},
  pages={2125--2130},
  year={2006},
  publisher={ACS Publications}
}

@article{krieger2015numerical,
  title={Numerical simulation of oxy-fuel combustion for gas turbine applications},
  author={Krieger, GC and Campos, APV and Takehara, MDB and Da Cunha, F Alfaia and Veras, CA Gurgel},
  journal={Applied Thermal Engineering},
  volume={78},
  pages={471--481},
  year={2015},
  publisher={Elsevier}
}

@article{lefebvre1960heat,
  title={Heat-transfer processes in gas-turbine combustion chambers},
  author={Lefebvre, Arthur H and Herbert, MV},
  journal={Proceedings of the institution of Mechanical Engineers},
  volume={174},
  number={1},
  pages={463--478},
  year={1960},
  publisher={SAGE Publications Sage UK: London, England}
}

@article{fiorina2010filtered,
  title={A filtered tabulated chemistry model for LES of premixed combustion},
  author={Fiorina, Benoit and Vicquelin, Ronan and Auzillon, Pierre and Darabiha, Nasser and Gicquel, Olivier and Veynante, Denis},
  journal={Combustion and Flame},
  volume={157},
  number={3},
  pages={465--475},
  year={2010},
  publisher={Elsevier}
}

@article{goody1989correlated,
  title={The correlated-k method for radiation calculations in nonhomogeneous atmospheres},
  author={Goody, Richard and West, Robert and Chen, Luke and Crisp, David},
  journal={Journal of Quantitative Spectroscopy and Radiative Transfer},
  volume={42},
  number={6},
  pages={539--550},
  year={1989},
  publisher={Elsevier}
}

@article{tesse2002radiative,
  title={Radiative transfer in real gases using reciprocal and forward Monte Carlo methods and a correlated-k approach},
  author={Tess{\'e}, Lionel and Dupoirieux, Francis and Zamuner, Bernard and Taine, Jean},
  journal={International Journal of Heat and Mass Transfer},
  volume={45},
  number={13},
  pages={2797--2814},
  year={2002},
  publisher={Elsevier}
}

@article{palluotto2019assessment,
  title={Assessment of randomized Quasi-Monte Carlo method efficiency in radiative heat transfer simulations},
  author={Palluotto, Lorella and Dumont, Nicolas and Rodrigues, Pedro and Gicquel, Olivier and Vicquelin, Ronan},
  journal={Journal of Quantitative Spectroscopy and Radiative Transfer},
  volume={236},
  pages={106570},
  year={2019},
  publisher={Elsevier}
}

@article{smith1999gri,
  title={GRI-Mech 3.0},
  author={Smith, Gregory P},
  journal={http://www. me. berkley. edu/gri\_mech/},
  year={1999}
}

@article{vicquelin2011coupling,
  title={Coupling tabulated chemistry with compressible CFD solvers},
  author={Vicquelin, Ronan and Fiorina, Benoit and Payet, Sandra and Darabiha, Nasser and Gicquel, Olivier},
  journal={Proceedings of the Combustion Institute},
  volume={33},
  number={1},
  pages={1481--1488},
  year={2011},
  publisher={Elsevier}
}

@article{perrin2015oxycombustion,
  title={Oxycombustion for coal power plants: Advantages, solutions and projects},
  author={Perrin, Nicolas and Dubettier, Richard and Lockwood, Frederick and Tranier, Jean-Pierre and Bourhy-Weber, Claire and Terrien, Paul},
  journal={Applied Thermal Engineering},
  volume={74},
  pages={75--82},
  year={2015},
  publisher={Elsevier}
}